@Article{deSolve,
	title = {Solving Differential Equations in R: Package deSolve},
	author = {Karline Soetaert and Thomas Petzoldt and R. Woodrow Setzer},
	journal = {Journal of Statistical Software},
	volume = {33},
	number = {9},
	pages = {1--25},
	year = {2010},
	coden = {JSSOBK},
	issn = {1548-7660},
	url = {http://www.jstatsoft.org/v33/i09},
	doi = {10.18637/jss.v033.i09},
	keywords = {ordinary differential equations, partial differential equations, differential algebraic equations, initial value problems, R, FORTRAN, C},
}

@Article{FME,
	title = {Inverse Modelling, Sensitivity and Monte Carlo Analysis in
		{R} Using Package {FME}},
	author = {Karline Soetaert and Thomas Petzoldt},
	journal = {Journal of Statistical Software},
	year = {2010},
	volume = {33},
	number = {3},
	pages = {1--28},
	url = {http://www.jstatsoft.org/v33/i03/},
	doi = {10.18637/jss.v033.i03},
}

@Manual{nlmeODE,
	title  = {\pkg{nlmeODE}: Non-Linear Mixed-Effects Modelling in \pkg{nlme} Using Differential Equations},
	author = {Christoffer W. Tornoe},
	year   = {2012},
	note   = {\proglang{R}~package version~1.1},
	url    = {http://CRAN.R-project.org/package=nlmeODE},
}

@article{raue2013lessons,
	title={Lessons Learned from Quantitative Dynamical Modeling in Systems Biology},
	author={Raue, Andreas and Schilling, Marcel and Bachmann, Julie and Matteson, Andrew and Schelker, Max and Kaschek, Daniel and Hug, Sabine and Kreutz, Clemens and Harms, Brian D and Theis, Fabian J and others},
	journal={PloS one},
	volume={8},
	number={9},
	pages={e74335},
	year={2013},
	publisher={Public Library of Science}
}
